<record><leader>00000cas a22000007a 4500</leader><controlfield tag="001">14813682</controlfield><controlfield tag="008">861121c19299999pauwr ne      |   a0eng  </controlfield><datafield ind1=" " ind2=" " tag="010"><subfield code="a">sn 86083385 </subfield></datafield><datafield ind1=" " ind2=" " tag="040"><subfield code="a">NPH</subfield><subfield code="b">eng</subfield><subfield code="c">NPH</subfield><subfield code="d">OCLCQ</subfield><subfield code="d">DLC</subfield></datafield><datafield ind1=" " ind2=" " tag="012"><subfield code="m">1</subfield></datafield><datafield ind1="0" ind2=" " tag="022"><subfield code="a">2327-834X</subfield><subfield code="2">1</subfield></datafield><datafield ind1=" " ind2=" " tag="032"><subfield code="a">307660</subfield><subfield code="b">USPS</subfield></datafield><datafield ind1=" " ind2=" " tag="037"><subfield code="b">435 Broad Street, P.O. Box 158, New Bethlehem, PA 16242</subfield></datafield><datafield ind1=" " ind2=" " tag="042"><subfield code="a">msc</subfield><subfield code="a">nsdp</subfield></datafield><datafield ind1="1" ind2="0" tag="050"><subfield code="a">ISSN RECORD</subfield></datafield><datafield ind1="1" ind2="0" tag="082"><subfield code="a">070</subfield><subfield code="2">23</subfield></datafield><datafield ind1=" " ind2="4" tag="222"><subfield code="a">The Leader-vindicator</subfield></datafield><datafield ind1="0" ind2="4" tag="245"><subfield code="a">The Leader-vindicator.</subfield></datafield><datafield ind1="1" ind2="7" tag="246"><subfield code="a">New Bethlehem leader vindicator</subfield></datafield><datafield ind1="3" ind2="0" tag="246"><subfield code="a">Leader-vindicator merged with the record</subfield></datafield><datafield ind1=" " ind2=" " tag="260"><subfield code="a">New Bethlehem, Pa. :</subfield><subfield code="b">B.C. Hepler &amp; Son,</subfield><subfield code="c">1929-</subfield></datafield><datafield ind1="3" ind2=" " tag="260"><subfield code="3">&lt;2013-&gt;:</subfield><subfield code="a">New Bethlehem, PA :</subfield><subfield code="b">Joseph Piccirillo</subfield></datafield><datafield ind1=" " ind2=" " tag="300"><subfield code="a">v. :</subfield><subfield code="b">ill. ;</subfield><subfield code="c">55 cm.</subfield></datafield><datafield ind1=" " ind2=" " tag="310"><subfield code="a">Weekly</subfield></datafield><datafield ind1="0" ind2=" " tag="362"><subfield code="a">Vol. 34, no. 18 (Jan. 3, 1929)-</subfield></datafield><datafield ind1=" " ind2=" " tag="500"><subfield code="a">Words "merged with the record" appear in small type on masthead, &lt;1973-1987&gt;.</subfield></datafield><datafield ind1=" " ind2=" " tag="500"><subfield code="a">Editor: L.O. Hepler.</subfield></datafield><datafield ind1=" " ind2=" " tag="588"><subfield code="a">Latest issue consulted: Vol. 84, no. 46 (March 13, 2013) (surrogate).</subfield></datafield><datafield ind1=" " ind2=" " tag="752"><subfield code="a">United States</subfield><subfield code="b">Pennsylvania</subfield><subfield code="c">Clarion</subfield><subfield code="d">New Bethlehem.</subfield></datafield><datafield ind1="0" ind2="4" tag="780"><subfield code="t">New Bethlehem vindicator</subfield><subfield code="w">(DLC)sn 86083386</subfield><subfield code="w">(OCoLC)14813669</subfield></datafield><datafield ind1="0" ind2="4" tag="780"><subfield code="t">New Bethlehem leader</subfield><subfield code="w">(DLC)sn 87078050</subfield><subfield code="w">(OCoLC)15184314</subfield></datafield><datafield ind1="0" ind2="5" tag="780"><subfield code="t">Record (Rimersburg, Pa.)</subfield><subfield code="w">(DLC)sn 87080565</subfield><subfield code="w">(OCoLC)16793185</subfield></datafield><datafield ind1="1" ind2=" " tag="029"><subfield code="a">AU@</subfield><subfield code="b">000025821127</subfield></datafield></record>